@article{IntroMap,
  author = {{Zhi-Zong Chen}, {Michelangelo Grigni}, {Christos H. Papadimitriou}},
  journal = {Journal of the {ACM}},
  number = {2},
  title = {Map {Graphs}},
  volume = {49},
  year = {2002}
}

@article{3connComp,
  author = {{J.E. Hopcroft} et {R.E. Tarjan}},
  journal = {{SIAM Journal on Computing}},
  number = {3},
  title = {Dividing a graph into triconnected components},
  volume = {2},
  year = {1973}
}

@inproceedings{Thorup,
  author = {{M. Thorup}},
  title = {Map graphs in polynomial time},
  booktitle = {FOCS},
  year = {1998}
}

@article{FptMap,
  author = {{P. Angelin, M. A. Bekos, G. Da Lozzo, M. Gronemann, F. Montecchiani, A. Tappini}},
  journal = {Algorithmica},
  title = {Recognizing map graphs of bounded treewidth},
  page = {613-637},
  volume = {86},
  year = {2024}
}

@article{cotrees,
  author = {{D. G. Corneil, H. Lerchs, L. Stewart Burlingham}},
  journal = {Discrete applied mathematics},
  number = {3},
  title = {Complement reducible graphs},
  volume = {3},
  year = {1981},
  pages = {163-174}
}